@book{miller2014john,
  title={John {E. Freund's} Mathematical Statistics with Applications},
  author={Miller, Irwin and Miller, Marylees},
  edition={8},
  year={2014},
  publisher={Pearson}
}

@book{young2005essentials,
  title={Essentials of statistical inference},
  author={Young, G Alastair and Smith, Richard L},
  year={2005},
  publisher={Cambridge University Press}
}

@book{peter2015mathematical,
  title={Mathematical Statistics: Basic Ideas and Selected Topics, Volume {I}},
  author={Peter. J. Bickel and Doksum, Kjell A},
  edition={2},
  year={2015},
  publisher={CRC Press}
}
